
%%%%%%%%%%%%%%%%%%%%%%%%%%%%%%%%%%%%%%%%%%




@article{bib4,
  title={Advancing Cybersecurity Use of Sensitive Data in Electronic Healthcare System: A Review of Privacy and Regulations},
  author={Ugochukwu, Okwudili Matthew and Rosa, Renata Lopez and Adenike, Oyedemi Oluyemisi and Rodriguez, Demostenes Z},
  journal={INFOCOMP Journal of Computer Science},
  volume={23},
  number={2},
  year={2024}
}

@inproceedings{bib5,
  title={A review on different level data encryption through a compression techniques},
  author={Gadhiya, Niravkumar and Tailor, Shrinath and Degadwala, Sheshang},
  booktitle={2024 International Conference on Inventive Computation Technologies (ICICT)},
  pages={1378--1381},
  year={2024},
  organization={IEEE}
}

@article{bib6,
  title={Blockchain, artificial intelligence, and healthcare: the tripod of futureâ€”a narrative review},
  author={Bathula, Archana and Gupta, Suneet K and Merugu, Suresh and Saba, Luca and Khanna, Narendra N and Laird, John R and Sanagala, Skandha S and Singh, Rajesh and Garg, Deepak and Fouda, Mostafa M and others},
  journal={Artificial Intelligence Review},
  volume={57},
  number={9},
  pages={238},
  year={2024},
  publisher={Springer}
}

@inproceedings{bib7,
  title={Energy Efficiency in Blockchain Networks: Analyzing Power Consumption of Consensus Mechanisms and Hash Functions},
  author={Sengupta, Souvik and Sengupta, Banhirup and Sinaeepourfard, Amir and Shaik, Shehenaz},
  booktitle={2024 6th International Conference on Blockchain Computing and Applications (BCCA)},
  pages={449--464},
  year={2024},
  organization={IEEE}
}


@article{bib8,
  title={Blockchain integration in healthcare: a comprehensive investigation of use cases, performance issues, and mitigation strategies},
  author={Kasyapa, Meenavolu SB and Vanmathi, C},
  journal={Frontiers in Digital Health},
  volume={6},
  pages={1359858},
  year={2024},
  publisher={Frontiers Media SA}
}


@article{bib9,
  title={Integration of Federated Learning and Blockchain in Healthcare: A Tutorial},
  author={Shahsavari, Yahya and Dambri, Oussama A and Baseri, Yaser and Hafid, Abdelhakim Senhaji and Makrakis, Dimitrios},
  journal={arXiv preprint arXiv:2404.10092},
  year={2024}
}


@article{bib10,
  title={Security and privacy in E-health systems: a review of AI and machine learning techniques},
  author={Nankya, Mary and Mugisa, Allan and Usman, Yusuf and Upadhyay, Aadesh and Chataut, Robin},
  journal={IEEE Access},
  year={2024},
  publisher={IEEE}
}


@article{bib11,
  title={Artificial intelligence and quantum cryptography},
  author={Radanliev, Petar},
  journal={Journal of Analytical Science and Technology},
  volume={15},
  number={1},
  pages={4},
  year={2024},
  publisher={Springer}
}

@article{bib12,
  title={Post-quantum blockchain security for the Internet of Things: Survey and research directions},
  author={Gharavi, Hadi and Granjal, Jorge and Monteiro, Edmundo},
  journal={IEEE Communications Surveys \& Tutorials},
  volume={26},
  number={3},
  pages={1748--1774},
  year={2024},
  publisher={IEEE}
}

@article{bib13,
  title={Quantum machine learning revolution in healthcare: a systematic review of emerging perspectives and applications},
  author={Ullah, Ubaid and Garcia-Zapirain, Begonya},
  journal={IEEE Access},
  volume={12},
  pages={11423--11450},
  year={2024},
  publisher={IEEE}
}



@inproceedings{bib14,
  title={A Comprehensive Review of Block Chain Based Multi Factor Authentication},
  author={Khan, Andleeb and Nand, Parma and Bhushan, Bharat and Alazzawi, Esraa Mohammad and Jamil, Akhtar},
  booktitle={International Conference on Intelligent Systems, Blockchain, and Communication Technologies},
  pages={713--726},
  year={2024},
  organization={Springer}
}




@article{bib16,
  title={QIoTChain: quantum IoT-blockchain fusion for advanced data protection in Industry 4.0},
  author={Sharma, Aditya Kumar and Peelam, Mritunjay Shall and Chauasia, Brijesh Kumar and Chamola, Vinay},
  journal={IET Blockchain},
  volume={4},
  number={3},
  pages={252--262},
  year={2024},
  publisher={Wiley Online Library}
}

@article{bib17,
  title={A systematic review on blockchain-based access control systems in cloud environment},
  author={Punia, Aarti and Gulia, Preeti and Gill, Nasib Singh and Ibeke, Ebuka and Iwendi, Celestine and Shukla, Piyush Kumar},
  journal={Journal of Cloud Computing},
  volume={13},
  number={1},
  pages={146},
  year={2024},
  publisher={Springer}
}



@article{bib18,
  title={Post-quantum blockchain security for the Internet of Things: Survey and research directions},
  author={Gharavi, Hadi and Granjal, Jorge and Monteiro, Edmundo},
  journal={IEEE Communications Surveys \& Tutorials},
  volume={26},
  number={3},
  pages={1748--1774},
  year={2024},
  publisher={IEEE}
}

@article{bib19,
  title={AI-enhanced blockchain technology: A review of advancements and opportunities},
  author={Ressi, Dalila and Romanello, Riccardo and Piazza, Carla and Rossi, Sabina},
  journal={Journal of Network and Computer Applications},
  pages={103858},
  year={2024},
  publisher={Elsevier}
}


@inproceedings{bib20,
  title={Exploring Machine Learning Techniques for Effective Anomaly Detection: A Comprehensive Review},
  author={Abisheka, S and Suthishni, D Nethra Pingala and Shanmugapriya, D},
  booktitle={2024 3rd Edition of IEEE Delhi Section Flagship Conference (DELCON)},
  pages={1--6},
  year={2024},
  organization={IEEE}
}

% QKD AI anomaly EHR
@article{bib21,
  title={Security and privacy in E-health systems: a review of AI and machine learning techniques},
  author={Nankya, Mary and Mugisa, Allan and Usman, Yusuf and Upadhyay, Aadesh and Chataut, Robin},
  journal={IEEE Access},
  year={2024},
  publisher={IEEE}
}

@inproceedings{bib22,
  title={Privacy-Preserving and Efficient Border Surveillance System using Advanced Deep Learning and Cryptographic Techniques},
  author={Ramyashree, PM and Ravani, Harshitha and Aryan, Krish and Susikar, Sam Reeves and Vijay, Suraj and Dsouza, Sonia Maria},
  booktitle={2024 8th International Conference on I-SMAC (IoT in Social, Mobile, Analytics and Cloud)(I-SMAC)},
  pages={733--736},
  year={2024},
  organization={IEEE}
}

@incollection{bib23,
  title={Artificial intelligence in healthcare and medical records security},
  author={Herzog, Nitsa J and Celik, Dilek and Sulaiman, Rejwan Bin},
  booktitle={Cybersecurity and Artificial Intelligence: Transformational Strategies and Disruptive Innovation},
  pages={35--57},
  year={2024},
  publisher={Springer}
}


%%%%%%%%%%%%%%%%%%%%%%%%%%%%%%%%%%%%%%%%%%%%

